@article{Diaconis:1988uo,
author = {Diaconis, Persi},
title = {{Bayesian numerical analysis}},
journal = {Statistical Decision Theory and Related Topics IV},
year = {1988},
volume = {1},
pages = {163--175}
}

@article{Shepard1971,
author = {Shepard, Roger N and Metzler, Jacqueline},
title = {{Mental Rotation of Three-Dimensional Objects}},
journal = {Science},
year = {1971},
volume = {171},
number = {3972},
pages = {701--703}
}

@article{Griffiths2012a,
author = {Griffiths, Thomas L and Vul, Edward and Sanborn, Adam N},
title = {{Bridging Levels of Analysis for Probabilistic Models of Cognition}},
journal = {Current Directions in Psychological Science},
year = {2012},
volume = {21},
number = {4},
pages = {263--268}
}

@inproceedings{Lieder:2012wg,
author = {Lieder, Falk and Griffiths, Thomas L and Goodman, Noah D},
title = {{Burn-in, bias, and the rationality of anchoring}},
booktitle = {Advances in Neural Information Processing Systems},
year = {2012}
}

@inproceedings{Vul:2009wy,
author = {Vul, Edward and Goodman, Noah D and Griffiths, Thomas L and Tenenbaum, Joshua B},
title = {{One and done? Optimal decisions from very few samples}},
booktitle = {Proceedings of the 31st Annual Conference of the Cognitive Science Society},
year = {2009},
pages = {148--153}
}

@inproceedings{Osborne:2012tm,
author = {Osborne, Michael A and Duvenaud, David and Garnett, Roman and Rasmussen, Carl E and Roberts, Stephen J and Ghahramani, Zoubin},
title = {{Active Learning of Model Evidence Using Bayesian Quadrature}},
booktitle = {Advances in Neural Information Processing Systems},
year = {2012}
}

@book{Kosslyn:2009tj,
author = {Kosslyn, Stephen M and Thompson, William Ladd and Ganis, Giorgio},
title = {{The Case for Mental Imagery}},
publisher = {Oxford University Press},
year = {2009}
}

@book{Rasmussen:2006vz,
author = {Rasmussen, Carl Edward and Williams, Christopher K I},
title = {{Gaussian processes for machine learning}},
publisher = {MIT Press},
year = {2006}
}
