@article{Diaconis:1988uo,
author = {Diaconis, Persi},
title = {Bayesian numerical analysis},
journal = {{Statistical Decision Theory and Related Topics IV}},
year = {1988},
volume = {1},
pages = {163--175}
}

@article{Shepard1971,
author = {Shepard, Roger N and Metzler, Jacqueline},
title = {Mental Rotation of Three-Dimensional Objects},
journal = {Science},
year = {1971},
volume = {171},
number = {3972},
pages = {701--703}
}

@article{Griffiths2012a,
author = {Griffiths, Thomas L and Vul, Edward and Sanborn, Adam N},
title = {Bridging Levels of Analysis for Probabilistic Models of Cognition},
journal = {{Current Directions in Psychological Science}},
year = {2012},
volume = {21},
number = {4},
pages = {263--268}
}

@inproceedings{Lieder:2012wg,
author = {Lieder, Falk and Griffiths, Thomas L and Goodman, Noah D},
title = {Burn-in, bias, and the rationality of anchoring},
booktitle = {{Adv Neur In}},
year = {2012}
}

@inproceedings{Vul:2009wy,
author = {Vul, Edward and Goodman, Noah D and Griffiths, Thomas L and Tenenbaum, Joshua B},
title = {One and done? {Optimal} decisions from very few samples},
booktitle = {{Proc Cognitive Sci Soc}},
year = {2009},
pages = {148--153}
}

@inproceedings{Osborne:2012tm,
author = {Osborne, Michael A and Duvenaud, David and Garnett, Roman and Rasmussen, Carl E and Roberts, Stephen J and Ghahramani, Zoubin},
title = {Active Learning of Model Evidence Using {B}ayesian Quadrature},
booktitle = {{Adv Neur In}},
year = {2012}
}

@book{Kosslyn:2009tj,
author = {Kosslyn, Stephen M and Thompson, William Ladd and Ganis, Giorgio},
title = {{The Case for Mental Imagery}},
publisher = {Oxford University Press},
year = {2009}
}

@book{Rasmussen:2006vz,
author = {Rasmussen, Carl Edward and Williams, Christopher K I},
title = {{Gaussian Processes for Machine Learning}},
publisher = {MIT Press},
year = {2006}
}

@article{OHagan:1991tx,
author = {O'Hagan, Anthony},
title = {{Bayes--Hermite quadrature}},
journal = {{Journal of Statistical Planning and Inference}},
year = {1991},
volume = {29},
number = {3},
pages = {245--260}
}

@article{Pylyshyn1981,
author = {Pylyshyn, Z W},
title = {The imagery debate: analogue media versus tacit knowledge},
journal = {Psychol Rev},
year = {1981},
volume = {88},
number = {1},
pages = {16--45}
}

@article{Anderson1978,
author = {Anderson, John R},
title = {Arguments concerning representations for mental imagery},
journal = {Psychol Rev},
year = 1978,
volume = 85,
number = 4,
pages = {249--277}
}

@article{Cooper:1975wp,
author = {Cooper, Lynn A},
title = {Mental Rotation of Random Two-Dimensional Shapes},
journal = {Cognitive Psychol},
year = {1975},
volume = {7},
pages = {20--43}
}

@article{Kosslyn1988,
author = {Kosslyn, Stephen M},
title = {Aspects of a cognitive neuroscience of mental imagery},
journal = {Science},
year = {1988},
volume = {240},
number = {4859},
pages = {1621--1626}
}

@article{Gureckis:2012gu,
author = {Gureckis, T M and Markant, Douglas B},
title = {Self-Directed Learning: A Cognitive and Computational Perspective},
journal = {Perspect Psychol Sci},
year = {2012},
volume = {7},
number = {5},
pages = {464--481},
}

@inproceedings{Markant:2012uu,
author = {Markant, Douglas B and Gureckis, Todd M},
title = {Does the utility of information influence sampling behavior?},
booktitle = {{Proc Cognitive Sci Soc}},
year = 2012
}

@article{Hegarty2004,
author = {Hegarty, Mary},
title = {Mechanical reasoning by mental simulation},
journal = {Trends in Cognitive Sciences},
year = {2004},
volume = {8},
number = {6},
pages = {280--285}
}

@article{Schwartz1999,
author = {Schwartz, Daniel L and Black, Tamara},
title = {Inferences Through Imagined Actions: Knowing by Simulated Doing},
journal = {Journal of Experimental Psychology: Learning, Memory, and Cognition},
year = 1999,
volume = 25,
number = 1,
pages = {116--136}
}

@article{Schwartz:1996uy,
author = {Schwartz, Daniel L and Black, John B},
title = {Shuttling between depictive models and abstract rules: Induction and fallback},
journal = {Cognitive Science},
year = {1996},
volume = {20},
number = {4},
pages = {457--497}
}

@incollection{Nelson2007,
author = {Nelson, Jonathan D},
title = {Towards a rational theory of human information acquisition},
booktitle = {{The Probabilistic Mind: Prospects for {B}ayesian Cognitive Science}},
year = {2008},
editor = {Oaksford, Mike and Chater, Nick},
pages = {143--164},
publisher = {Oxford University Press}
}

@article{Just1976,
author = {Just, Marcel Adam and Carpenter, Patricia A},
title = {Eye fixations and cognitive processes},
journal = {Cognitive Psychol},
year = {1976},
volume = {8},
pages = {441--480}
}

@book{Marr:1983to,
author = {Marr, David},
title = {{Vision}},
publisher = {Henry Holt and Company},
year = {1983}
}

@Book{anderson90,
  author = 	"J. R. Anderson",
  year = 	"1990",
  title = 	"The adaptive character of thought"
}

@article{Chater:1999wp,
author = {Chater, Nick and Oaksford, Mike},
title = {Ten years of the rational analysis of cognition},
journal = {Trends in Cognitive Sciences},
year = {1999},
volume = {3},
number = {2},
pages = {57--65}
}

@article{Shepard:1987tt,
author = {Shepard, Roger N},
title = {Toward a universal law of generalization for psychological science},
journal = {Science},
year = {1987},
volume = {237},
number = {4820},
pages = {1317--1323},
}

@Article{tenenbaumkgg11,
  author =       {J. B. Tenenbaum and C. Kemp and T. L. Griffiths and
                  N. D. Goodman},
  title =        {How to grow a mind: {S}tatistics, structure, and abstraction},
  journal =      {Science},
  year =         {2011},
  volume =       {331},
  pages =        {1279-1285},
}

@misc{Duvenaud:2013td,
author = {Duvenaud, David},
title = {Log-Gaussian Processes for {B}ayesian Quadrature},
year = 2013,
howpublished = "Personal communication"
}

@article{Funt:1983wn,
author = {Funt, Brian V},
title = {A Parallel-Process Model of Mental Rotation},
journal = {Cognitive Sci},
year = {1983},
volume = {7},
number = {1},
pages = {67--93}
}

@article{Kosslyn:1977tv,
author = {Kosslyn, Stephen M and Shwartz, Steven P},
title = {A Simulation of Visual Imagery},
journal = {Cognitive Sci},
year = {1977},
volume = {1},
pages = {265--295}
}

@article{Gardony:2013gn,
author = {Gardony, Aaron L and Taylor, Holly A and Brunye, Tad T},
title = {What Does Physical Rotation Reveal About Mental Rotation?},
journal = {Psychol Sci},
year = {2013},
}

@article{Glasgow:1992tj,
author = {Glasgow, Janice I and Papadias, Dimitri},
title = {Computational imagery},
journal = {Cognitive Sci},
year = {1992},
volume = {16},
number = {3},
pages = {355--394}
}

@article{Yuille:1982tx,
author = {Yuille, John C and Steiger, James H},
title = {Nonholistic processing in mental rotation: some suggestive evidence},
journal = {Percept Psychophys},
year = {1982},
volume = {31},
number = {3},
pages = {201--209}
}

@article{Pylyshyn:2002vk,
author = {Pylyshyn, Zenon W},
title = {Mental imagery: In search of a theory},
journal = {Behav Brain Sci},
year = {2002},
volume = {25},
pages = {157--238}
}

@article{Belongie:2002tj,
author = {Belongie, Serge and Malik, Jitendra and Puzicha, Jan},
title = {Shape Matching and Object Recognition Using Shape Contexts},
journal = {IEEE T Pattern Anal},
year = {2002},
volume = {24},
number = {24},
pages = {509--522}
}

@article{Sebastian:2003vm,
author = {Sebastian, Thomas B and Klein, Philip N and Kimia, Benjamin B},
title = {On Aligning Curves},
journal = {IEEE T Pattern Anal},
year = {2003},
volume = {25},
number = {1},
pages = {1--9}
}

@article{Julstrom:1985va,
author = {Julstrom, Bryant A and Baron, Robert J},
title = {A model of mental imagery},
journal = {Int J Man Mach Stud},
year = 1985,
volume = 23,
pages = {313--334}
}

@article{Markant:2013iq,
author = {Markant, Douglas B and Gureckis, Todd M},
title = {Is It Better to Select or to Receive? {L}earning via Active and Passive Hypothesis Testing},
journal = {Journal of Experimental Psychology: General},
year = {2013},
}

@inproceedings{Juni:2011vo,
author = {Juni, Mordechai Z and Gureckis, Todd M and Maloney, Laurence T},
title = {Don't stop `til you get enough: adaptive information sampling in a visuomotor estimation task},
booktitle = {{Proc Cognitive Sci Soc}},
year = {2011},
pages = {2854--2859}
}

@manual{Mcdonnell12,
    Address = {New York, NY},
    Author = {McDonnell, J.V. AND Martin, J.B. AND Markant, D.B. AND Coenen, A. AND Rich, A.S. AND Gureckis, T.M.},
    Organization = {New York University},
    Title = {psiTurk (Version 1.02) [Software]},
    Url = {https://github.com/NYUCCL/psiTurk},
    Year = {2012}
}

@article{Just:1985uu,
author = {Just, Marcel Adam and Carpenter, Patricia A},
title = {Cognitive coordinate systems: {A}ccounts of mental rotation and individual differences in spatial ability},
journal = {Psychol Rev},
year = {1985},
volume = {92},
pages = {137--172}
}
